@book{morris1989topology,
    title={Topology Without Tears},
    author={Morris, S.A. and University of New England. Department of Mathematics, Statistics and Computing Science},
    url={https://books.google.com/books?id=YLvKtgAACAAJ},
    year={1989},
    publisher={University of New England}
}
